@book{okologia,
	author={Pásztor E., Obrony B.},
	title={Ökológia},
	publisher={Nemzeti Tankönyvkiadó Zrt. Budapest},
	year={2007}
}

@article{jelasity1999genetikus,
  title={Genetikus algoritmusok},
  author={Jelasity, M{\'a}rk},
  year={1999},
  publisher={Aula}
}

@incollection{sivanandam2008genetic,
	title={Genetic algorithm optimization problems},
	author={Sivanandam, SN and Deepa, SN},
	booktitle={Introduction to genetic algorithms},
	pages={165--209},
	year={2008},
	publisher={Springer}
}

@inproceedings{coenen1995spatial,
	title={Spatial reasoning for timetabling: the TIMETABLER system},
	author={Coenen, FP and Beattie, B and Bench-Capon, TJM and Shave, MJR and Diaz, BM},
	booktitle={Proceedings of the 1st International Conference on the Practice and Theory of Automated Timetabling-ICPTAT},
	volume={95},
	pages={57--68},
	year={1995}
}

@misc{timetabler,
	title={TimeTabler, Timetabling software for Schools},
	author={October Resolutions Ltd},
	howpublished={\url{https://www.timetabler.com}},
	year={2021}
}

@misc{schedulebuilder,
	author={SBO},
	title={Free Online Schedule Maker},
	howpublished={\url{https://schedulebuilder.org/}},
	year={2021}
}

@misc{primetimetable,
	author={Micria},
	title={Prime Timetable},
	howpublished={\url{https://primetimetable.com/#intro%26id%3Db918a5b4-7da5-4809-9e51-1722b3ea3207}},
	year={2021}
}

@misc{asctimetables,
	author={aSc Applied Software Consultants},
	title={aSc Timetables},
	howpublished={\url{https://www.asctimetables.com}},
	year={2021}
}

@inproceedings{van2007python,
	title={Python Programming Language.},
	author={Van Rossum, Guido and others},
	booktitle={USENIX annual technical conference},
	volume={41},
	pages={36},
	year={2007}
}

@book{copeland2008essential,
	title={Essential sqlalchemy},
	author={Copeland, Rick},
	year={2008},
	publisher={" O'Reilly Media, Inc."}
}

@book{filipova2016learning,
	title={Learning Vue. js 2},
	author={Filipova, Olga},
	year={2016},
	publisher={Packt Publishing Ltd}
}

@book{nagy1998operaciokutatas,
	title={Operációkutatás},
	author={Nagy Tamás},
	publisher={Miskolci Egyetemi Kiadó, Miskolc},
	year={1998}
}
